@book{dwork,
  author    = {Dwork, C., & Roth, A.},
  title     = {The algorithmic foundations of differential privacy.},
  booktitle = {now Publishers Inc.},
  year      = {2014},
  url       = {https://www.tau.ac.il/~saharon/BigData2018/privacybook.pdf}
}




% @inproceedings{dwork:glove,
%   author = {Dwork, C., McSherry, F., Nissim, K., & Smith, A.},
%   title = {Calibrating Noise to Sensitivity in Private Data Analysis.},
%   booktitle = {Theory of Cryptography,},
%   year = {2006},
%   pages = {265â€“-284},
%   url = {https://link.springer.com/content/pdf/10.1007/11681878_14.pdf},
% }


% @inproceedings{holohan:glove,
%   author = {Holohan, N., Braghin, S., Mac Aonghusa, P., & Levacher, K.},
%   title = {Diffprivlib: The IBM Differential Privacy Library.},
%   year = {2019},
%   url = {https://arxiv.org/pdf/1907.02444.pdf},
% }

% @inproceedings{li:glove,
%   author = {Li, N., Qardaji, W., & Su, D.},
%   title = {On sampling, anonymization, and differential privacy or,k-anonymization meets differential privacy.},
%   booktitle = {Proceedings of the 7th ACM Symposium on Information, Computer and Communications Security - ASIACCS '12},
%   year = {2012},
%   url = {https://arxiv.org/pdf/1101.2604.pdf},
% }
